<?xml version="1.0" encoding="UTF-8"?><collection xmlns="http://www.loc.gov/MARC21/slim"><record><leader>00344nam--2200121-i-4500</leader><controlfield tag="001">000027312</controlfield><controlfield tag="002">20161230</controlfield><controlfield tag="005">20161230201036</controlfield><controlfield tag="008">060222s1000------------r-----000-0-eng-d</controlfield><datafield ind1=" " ind2=" " tag="100"><subfield code="a">Kopfermann, H</subfield></datafield><datafield ind1=" " ind2=" " tag="245"><subfield code="a">Kernmomente. zweite neubearbeitete und erweiterte auflage</subfield></datafield><datafield ind1=" " ind2=" " tag="260"><subfield code="a">Frankfurt Am Main, Akad.Ver.1956. Xvi + 462 P.Cu Fig</subfield></datafield><datafield ind1=" " ind2=" " tag="852"><subfield code="a">12163</subfield></datafield></record></collection>